<?xml version="1.0" encoding="UTF-8"?><collection xmlns="http://www.loc.gov/MARC21/slim"><record><leader>00406nam--2200181-u-4500</leader><controlfield tag="001">000053850</controlfield><controlfield tag="002">20161230</controlfield><controlfield tag="005">20161230201051</controlfield><controlfield tag="008">110628s1000------------r-----000-0-rus-d</controlfield><datafield ind1=" " ind2=" " tag="040"><subfield code="a">IFIN-HH</subfield></datafield><datafield ind1=" " ind2=" " tag="041"><subfield code="a">rus</subfield></datafield><datafield ind1=" " ind2=" " tag="080"><subfield code="a">537.6</subfield></datafield><datafield ind1="1" ind2=" " tag="100"><subfield code="a">Annev, R.G</subfield></datafield><datafield ind1="1" ind2="0" tag="245"><subfield code="a">Magnetizm</subfield><subfield code="h">R.g. annev</subfield></datafield><datafield ind1=" " ind2=" " tag="260"><subfield code="a">Ashabad</subfield><subfield code="b">Ilim</subfield><subfield code="c">1977</subfield></datafield><datafield ind1=" " ind2=" " tag="300"><subfield code="a">323P</subfield></datafield><datafield ind1=" " ind2=" " tag="852"><subfield code="a">75088</subfield><subfield code="c">537:538</subfield></datafield><datafield ind1=" " ind2=" " tag="CAT"><subfield code="a">Sys</subfield><subfield code="c">20110628</subfield><subfield code="h">113303</subfield></datafield></record></collection>